[gd_scene load_steps=8 format=2]

[ext_resource path="res://assets/theme/theme.tres" type="Theme" id=1]
[ext_resource path="res://assets/theme/AddeX.ttf" type="DynamicFontData" id=2]
[ext_resource path="res://menus/Credits.gd" type="Script" id=3]
[ext_resource path="res://menus/MovingPaper.tscn" type="PackedScene" id=4]
[ext_resource path="res://assets/paper/paper.tres" type="Texture" id=5]

[sub_resource type="DynamicFont" id=1]
size = 70
font_data = ExtResource( 2 )

[sub_resource type="DynamicFont" id=2]
size = 50
font_data = ExtResource( 2 )

[node name="Credits" type="Control"]
pause_mode = 2
anchor_right = 1.0
anchor_bottom = 1.0
theme = ExtResource( 1 )
script = ExtResource( 3 )
__meta__ = {
"_edit_use_anchors_": false
}

[node name="TextureRect" type="TextureRect" parent="."]
anchor_right = 1.0
anchor_bottom = 2.83333
texture = ExtResource( 5 )
expand = true
stretch_mode = 2
__meta__ = {
"_edit_use_anchors_": true
}

[node name="Camera" type="Camera2D" parent="."]
anchor_mode = 0
current = true
smoothing_enabled = true
drag_margin_left = 0.0
drag_margin_top = 0.0
drag_margin_right = 0.0
drag_margin_bottom = 0.0

[node name="Labels" type="Control" parent="."]
margin_right = 40.0
margin_bottom = 40.0
__meta__ = {
"_edit_use_anchors_": false
}

[node name="Label" type="Label" parent="Labels"]
anchor_right = 25.6
anchor_bottom = 2.525
text = "Credits"
align = 1
valign = 1
__meta__ = {
"_edit_use_anchors_": false
}

[node name="Label2" type="Label" parent="Labels"]
anchor_top = 6.2
anchor_right = 25.6
anchor_bottom = 7.975
custom_fonts/font = SubResource( 1 )
text = "Programming"
align = 1
valign = 1
__meta__ = {
"_edit_use_anchors_": true
}

[node name="Label3" type="Label" parent="Labels"]
anchor_top = 8.2
anchor_right = 25.6
anchor_bottom = 9.475
custom_fonts/font = SubResource( 2 )
text = "jul2040 on itch.io"
align = 1
valign = 1
__meta__ = {
"_edit_use_anchors_": true
}

[node name="Label4" type="Label" parent="Labels"]
anchor_top = 11.6
anchor_right = 25.6
anchor_bottom = 13.375
margin_bottom = -6.10352e-05
custom_fonts/font = SubResource( 1 )
text = "Music, Audio Design, & Writing"
align = 1
valign = 1
__meta__ = {
"_edit_use_anchors_": true
}

[node name="Label5" type="Label" parent="Labels"]
anchor_top = 13.6
anchor_right = 25.6
anchor_bottom = 14.875
custom_fonts/font = SubResource( 2 )
text = "Curro"
align = 1
valign = 1
__meta__ = {
"_edit_use_anchors_": true
}

[node name="Label6" type="Label" parent="Labels"]
anchor_top = 15.0
anchor_right = 25.6
anchor_bottom = 16.275
custom_fonts/font = SubResource( 2 )
text = "Nick - @nickusme on instagram"
align = 1
valign = 1
__meta__ = {
"_edit_use_anchors_": true
}

[node name="Label7" type="Label" parent="Labels"]
anchor_top = 18.2
anchor_right = 25.6
anchor_bottom = 19.975
custom_fonts/font = SubResource( 1 )
text = "Art"
align = 1
valign = 1
__meta__ = {
"_edit_use_anchors_": true
}

[node name="Label8" type="Label" parent="Labels"]
anchor_top = 20.2
anchor_right = 25.6
anchor_bottom = 21.475
custom_fonts/font = SubResource( 2 )
text = "@jakeyouh on Twitter & Itch.io"
align = 1
valign = 1
__meta__ = {
"_edit_use_anchors_": true
}

[node name="Label10" type="Label" parent="Labels"]
anchor_top = 21.6
anchor_right = 25.6
anchor_bottom = 22.875
custom_fonts/font = SubResource( 2 )
text = "@nymbunni on Twitter & Instagram"
align = 1
valign = 1
__meta__ = {
"_edit_use_anchors_": true
}

[node name="Label11" type="Label" parent="Labels"]
anchor_top = 30.2
anchor_right = 25.6
anchor_bottom = 31.975
custom_fonts/font = SubResource( 1 )
text = "Press Any Key to Continue"
align = 1
valign = 1
__meta__ = {
"_edit_use_anchors_": true
}

[node name="MaxCameraPos" type="Position2D" parent="."]
position = Vector2( 0, 1096 )

[node name="CanvasLayer" type="CanvasLayer" parent="."]

[node name="MovingPaper" parent="CanvasLayer" instance=ExtResource( 4 )]

[node name="StartTimer" type="Timer" parent="."]
one_shot = true
autostart = true

[connection signal="timeout" from="StartTimer" to="." method="_on_StartTimer_timeout"]
